@article{Guldberg20083DBiomaterials,
    title = {{3D imaging of tissue integration with porous biomaterials}},
    year = {2008},
    journal = {Biomaterials},
    author = {Guldberg, Robert E. and Duvall, Craig L. and Peister, Alexandra and Oest, Megan E. and Lin, Angela S.P. and Palmer, Ashley W. and Levenston, Marc E.},
    number = {28},
    month = {10},
    pages = {3757--3761},
    volume = {29},
    publisher = {Elsevier},
    url = {https://www.sciencedirect.com/science/article/pii/S0142961208004304},
    doi = {10.1016/J.BIOMATERIALS.2008.06.018},
    issn = {0142-9612}
}

@article{Lemacks2002AAnalysis,
    title = {{A dual-energy subtraction technique for microcalcification imaging in digital mammography-A signal-to-noise analysis}},
    year = {2002},
    journal = {Medical Physics},
    author = {Lemacks, Michael R. and Kappadath, S. Cheenu and Shaw, Chris C. and Liu, Xinming and Whitman, Gary J.},
    number = {8},
    month = {7},
    pages = {1739--1751},
    volume = {29},
    publisher = {Wiley-Blackwell},
    url = {http://doi.wiley.com/10.1118/1.1494832},
    doi = {10.1118/1.1494832},
    issn = {00942405},
    keywords = {Cancer, Digital mammography, Image analysis, Image quality, Mammography, Medical X‐ray imaging, Medical image noise, Medical imaging, Tissue structure, Visual medical imaging, X‐ray imaging, cancer, diagnostic radiography, digital mammography, dual‐energy subtraction imaging, image resolution, mammography, medical image processing, microcalcifications, signal‐to‐noise ratio}
}

@article{Marshall1997AComputers,
    title = {{A finite-volume, incompressible Navier Stokes model for studies of the ocean on parallel computers}},
    year = {1997},
    journal = {Journal of Geophysical Research: Oceans},
    author = {Marshall, John and Adcroft, Alistair and Hill, Chris and Perelman, Lev and Heisey, Curt},
    number = {C3},
    month = {3},
    pages = {5753--5766},
    volume = {102},
    url = {http://doi.wiley.com/10.1029/96JC02775},
    doi = {10.1029/96JC02775},
    issn = {01480227}
}

@article{Lalonde2016ACT,
    title = {{A general method to derive tissue parameters for Monte Carlo dose calculation with multi-energy CT}},
    year = {2016},
    journal = {Physics in Medicine {\&} Biology},
    author = {Lalonde, Arthur and Bouchard, Hugo},
    volume = {61}
}

@article{Brody1981ARadiography,
    title = {{A method for selective tissue and bone visualization using dual energy scanned projection radiography}},
    year = {1981},
    journal = {Medical Physics},
    author = {Brody, William R. and Butt, Glenn and Hall, Anne and Macovski, Albert},
    number = {3},
    month = {5},
    pages = {353--357},
    volume = {8},
    publisher = {Wiley-Blackwell},
    url = {http://doi.wiley.com/10.1118/1.594957},
    doi = {10.1118/1.594957},
    issn = {00942405},
    keywords = {ALUMINIUM, Aluminium, BIOMEDICAL RADIOGRAPHY, BONE TISSUES, Biomedical imaging, Biophysical techniques (research methods), COMPTON, COMPUTERIZED TOMOGRAPHY, Calcium, Compton scattering, Data visualization, Medical imaging, Non‐ionizing radiation equipment and techniques, Optical/infrared radiation effects, PHANTOMS, PHOTOELECTRIC EFFECT, Polynomials, Radiofrequency/microwave fields effects, Radiography, TISSUES, TISSUE−EQUILVANENT MATERIALS, VISUALIZATION, Visualization, WATER, X RADIATION}
}

@article{Saito2017ABody,
    title = {{A simple formulation for deriving effective atomic numbers via electron density calibration from dual-energy CT data in the human body}},
    year = {2017},
    journal = {Medical Physics},
    author = {Saito, Masatoshi and Sagara, Shota},
    number = {6},
    month = {6},
    pages = {2293--2303},
    volume = {44},
    url = {http://doi.wiley.com/10.1002/mp.12176},
    doi = {10.1002/mp.12176},
    issn = {00942405},
    keywords = {dual‐energy CT, effective atomic number, electron density, radiotherapy treatment planning}
}

@article{Klymak2010ATopography,
    title = {{A simple parameterization of turbulent tidal mixing near supercritical topography}},
    year = {2010},
    author = {Klymak, Jody M and Legg, Sonya and Pinkel, Robert},
    url = {http://valdez.seos.uvic.ca/~jklymak/pdfs/DissipationSuperCritPP.pdf}
}

@article{AbsorbedWater,
    title = {{Absorbed Dose Determination in External Beam Radiotherapy An International Code of Practice for Dosimetry Based on Standards of Absorbed Dose to Water}},
    url = {http://www-pub.iaea.org/MTCD/publications/PDF/TRS398_scr.pdf}
}

@article{TompsonAcceleratingNetworks,
    title = {{Accelerating Eulerian Fluid Simulation With Convolutional Networks}},
    author = {Tompson, Jonathan and Schlachter, Kristofer and Sprechmann, Pablo and Perlin, Ken},
    url = {https://arxiv.org/pdf/1607.03597.pdf}
}

@article{Mudge1997AfternotesAnalysis,
    title = {{Afternotes on Numerical Analysis}},
    year = {1997},
    journal = {The Mathematical Gazette},
    author = {Mudge, Michael R. and Stewart, Gilbert W.},
    number = {490},
    month = {3},
    pages = {188},
    volume = {81},
    publisher = {Cambridge University Press},
    url = {https://www.jstor.org/stable/3618833?origin=crossref},
    doi = {10.2307/3618833},
    issn = {00255572}
}

@book{Stewart1996AfternotesAnalysis,
    title = {{Afternotes on Numerical Analysis}},
    year = {1996},
    author = {Stewart, G. W.},
    month = {1},
    pages = {20},
    publisher = {Society for Industrial and Applied Mathematics},
    url = {http://epubs.siam.org/doi/book/10.1137/1.9781611971491},
    isbn = {978-0-89871-362-6},
    doi = {10.1137/1.9781611971491}
}

@article{Cardinal1990AnDecomposition,
    title = {{An accurate method for direct dual-energy calibration and decomposition}},
    year = {1990},
    journal = {Medical Physics},
    author = {Cardinal, H. Neale and Fenster, Aaron},
    number = {3},
    month = {5},
    pages = {327--341},
    volume = {17},
    publisher = {Wiley-Blackwell},
    url = {http://doi.wiley.com/10.1118/1.596512},
    doi = {10.1118/1.596512},
    issn = {00942405},
    keywords = {BIOMEDICAL RADIOGRAPHY, CALIBRATION, Calibration, Computed tomography, DIGITAL SYSTEMS, Digital radiography, Integral equations, LEAST SQUARE FIT, Materials analysis, NOISE, Numerical solutions, Polynomials, X−RAY RADIOGRAPHY, digital radiography, dual energy, least squares, noise, quantitative imaging}
}

@article{Mayer2009AnSegmentation,
    title = {{An Adaptive Mean-Shift Framework for MRI Brain Segmentation}},
    year = {2009},
    journal = {IEEE Transactions on Medical Imaging},
    author = {Mayer, A. and Greenspan, H.},
    number = {8},
    month = {8},
    pages = {1238--1250},
    volume = {28},
    url = {http://ieeexplore.ieee.org/document/4781563/},
    doi = {10.1109/TMI.2009.2013850},
    issn = {0278-0062}
}

@article{Wang2015AnalysisEffect,
    title = {{Analysis of Water Flow Pressure on Bridge Piers considering the Impact Effect}},
    year = {2015},
    journal = {Mathematical Problems in Engineering},
    author = {Wang, Yin-hui and Zou, Yi-song and Xu, Lue-qin and Luo, Zheng},
    month = {5},
    pages = {1--8},
    volume = {2015},
    publisher = {Hindawi},
    url = {https://www.hindawi.com/journals/mpe/2015/687535/},
    doi = {10.1155/2015/687535},
    issn = {1024-123X}
}

@article{Mishra2016ApplicationAdulteration,
    title = {{Application of independent components analysis with the JADE algorithm and NIR hyperspectral imaging for revealing food adulteration}},
    year = {2016},
    journal = {Journal of Food Engineering},
    author = {Mishra, Puneet and Cordella, Christophe B.Y. and Rutledge, Douglas N. and Barreiro, Pilar and Roger, Jean Michel and Diezma, Belén},
    month = {1},
    pages = {7--15},
    volume = {168},
    publisher = {Elsevier},
    url = {https://www.sciencedirect.com/science/article/abs/pii/S0260877415003076},
    doi = {10.1016/J.JFOODENG.2015.07.008},
    issn = {0260-8774}
}

@book{Lehoucq1998ARPACKMethods,
    title = {{ARPACK users' guide : solution of large-scale eigenvalue problems with implicitly restarted Arnoldi methods}},
    year = {1998},
    author = {Lehoucq, R. B. (Richard B.) and Sorensen, D. C. (Danny C.) and Yang, C. (Chao)},
    pages = {142},
    publisher = {SIAM},
    url = {https://books.google.ca/books?id=iMUea23N_CQC&redir_esc=y},
    isbn = {0898714079}
}

@article{Hosny2018ArtificialRadiology.,
    title = {{Artificial intelligence in radiology.}},
    year = {2018},
    journal = {Nature reviews. Cancer},
    author = {Hosny, Ahmed and Parmar, Chintan and Quackenbush, John and Schwartz, Lawrence H and Aerts, Hugo J W L},
    number = {8},
    month = {8},
    pages = {500--510},
    volume = {18},
    publisher = {NIH Public Access},
    url = {http://www.ncbi.nlm.nih.gov/pubmed/29777175 http://www.pubmedcentral.nih.gov/articlerender.fcgi?artid=PMC6268174},
    doi = {10.1038/s41568-018-0016-5},
    issn = {1474-1768},
    pmid = {29777175}
}

@article{Gross2003Atmospheric19802000,
    title = {{Atmospheric and oceanic excitation of the Earth's wobbles during 1980–2000}},
    year = {2003},
    journal = {Journal of Geophysical Research},
    author = {Gross, Richard S. and Fukumori, Ichiro and Menemenlis, Dimitris},
    number = {B8},
    month = {8},
    pages = {2370},
    volume = {108},
    url = {http://doi.wiley.com/10.1029/2002JB002143},
    doi = {10.1029/2002JB002143},
    issn = {0148-0227},
    keywords = {Chandler wobble, Earth rotation, atmospheric angular momentum, oceanic angular momentum, polar motion}
}

@article{YoonBONEENHANCEMENT,
    title = {{BONE FRAGMENT DETECTION IN CHICKEN BREAST FILLETS USING TRANSMITTANCE IMAGE ENHANCEMENT}},
    journal = {Transactions of the ASABE},
    author = {Yoon, S C and Lawrence, K C and Smith, D P and Park, B and Windham, W R},
    number = {1},
    pages = {331--339},
    volume = {51},
    url = {https://pdfs.semanticscholar.org/7483/8c70e3d8de744faaf2196693df41f57b0e72.pdf},
    issn = {0001-2351},
    keywords = {Bone detection, Bone fragment, Chicken breast fillet, Food safety, Hyperspectral imaging, Illumination‐ transmittance model, Image enhancement, Poultry inspection}
}

@article{McCormack2006BreastMeta-analysis,
    title = {{Breast Density and Parenchymal Patterns as Markers of Breast Cancer Risk: A Meta-analysis}},
    year = {2006},
    journal = {Cancer Epidemiology Biomarkers {\&} Prevention},
    author = {McCormack, V. A.},
    number = {6},
    month = {6},
    pages = {1159--1169},
    volume = {15},
    url = {http://cebp.aacrjournals.org/cgi/doi/10.1158/1055-9965.EPI-06-0034},
    doi = {10.1158/1055-9965.EPI-06-0034},
    issn = {1055-9965}
}

@article{Molloi2015BreastComparison.,
    title = {{Breast density evaluation using spectral mammography, radiologist reader assessment, and segmentation techniques: a retrospective study based on left and right breast comparison.}},
    year = {2015},
    journal = {Academic radiology},
    author = {Molloi, Sabee and Ding, Huanjun and Feig, Stephen},
    number = {8},
    month = {8},
    pages = {1052--9},
    volume = {22},
    publisher = {NIH Public Access},
    url = {http://www.ncbi.nlm.nih.gov/pubmed/26031229 http://www.pubmedcentral.nih.gov/articlerender.fcgi?artid=PMC4515382},
    doi = {10.1016/j.acra.2015.03.017},
    issn = {1878-4046},
    pmid = {26031229},
    keywords = {Mammography, breast density, breast imaging, cancer, dual-energy}
}

@article{Poludniowski2007CalculationTargets,
    title = {{Calculation of x-ray spectra emerging from an x-ray tube. Part I. Electron penetration characteristics in x-ray targets}},
    year = {2007},
    journal = {Medical Physics},
    author = {Poludniowski, Gavin G. and Evans, Philip M.},
    number = {6Part1},
    month = {5},
    pages = {2164--2174},
    volume = {34},
    url = {http://doi.wiley.com/10.1118/1.2734725},
    doi = {10.1118/1.2734725},
    issn = {00942405}
}

@article{Poludniowski2007CalculationTargetsb,
    title = {{Calculation of x-ray spectra emerging from an x-ray tube. Part II. X-ray production and filtration in x-ray targets}},
    year = {2007},
    journal = {Medical Physics},
    author = {Poludniowski, Gavin G.},
    number = {6},
    month = {5},
    pages = {2175--2186},
    volume = {34},
    publisher = {American Association of Physicists in Medicine},
    url = {http://doi.wiley.com/10.1118/1.2734726},
    doi = {10.1118/1.2734726},
    issn = {00942405},
    keywords = {Anodes, Dosimetry/exposure assessment, Emission spectra, Materials properties, Monte Carlo, Photon density, Photons, Radiation therapy equipment, Semi empirical calculations, Spectral properties, Tungsten, Vacuum tubes, X‐ray spectra, X‐ray tubes, biomedical equipment, dosimetry, kilovoltage, radiation transport, spectral modeling, x‐ray production}
}

@article{Cho2017CalibrationMammography,
    title = {{Calibration phantoms for accurate water and lipid density quantification using dual energy mammography}},
    year = {2017},
    journal = {Physics in Medicine and Biology},
    author = {Cho, H-M and Ding, H and Kumar, N and Sennung, D and Molloi, S},
    number = {11},
    month = {6},
    pages = {4589--4603},
    volume = {62},
    publisher = {IOP Publishing},
    url = {http://stacks.iop.org/0031-9155/62/i=11/a=4589?key=crossref.8f534f004d6aecad6cd52291fcd92598},
    doi = {10.1088/1361-6560/aa6f31},
    issn = {0031-9155}
}

@article{Yang2017CascadeDomain,
    title = {{Cascade of multi-scale convolutional neural networks for bone suppression of chest radiographs in gradient domain}},
    year = {2017},
    journal = {Medical Image Analysis},
    author = {Yang, Wei and Chen, Yingyin and Liu, Yunbi and Zhong, Liming and Qin, Genggeng and Lu, Zhentai and Feng, Qianjin and Chen, Wufan},
    month = {1},
    pages = {421--433},
    volume = {35},
    publisher = {Elsevier},
    url = {https://www.sciencedirect.com/science/article/pii/S1361841516301529?via%3Dihub#bib0026},
    doi = {10.1016/J.MEDIA.2016.08.004},
    issn = {1361-8415}
}

@article{Ma2009CFDAirways,
    title = {{CFD simulation and experimental validation of fluid flow and particle transport in a model of alveolated airways}},
    year = {2009},
    journal = {Journal of Aerosol Science},
    author = {Ma, Baoshun and Ruwet, Vincent and Corieri, Patricia and Theunissen, Raf and Riethmuller, Michel and Darquenne, Chantal},
    number = {5},
    month = {5},
    pages = {403--414},
    volume = {40},
    publisher = {Pergamon},
    url = {https://www.sciencedirect.com/science/article/pii/S0021850209000184},
    doi = {10.1016/J.JAEROSCI.2009.01.002},
    issn = {0021-8502}
}

@article{Monnier-Cholley2001CharacteristicsExperience,
    title = {{Characteristics of missed lung cancer on chest radiographs: a French experience}},
    year = {2001},
    journal = {European Radiology},
    author = {Monnier-Cholley, L. and Arriv{\'{e}}, L. and Porcel, A. and Shehata, K. and Dahan, H. and Urban, T. and Febvre, M. and Lebeau, B. and Tubiana, J. M.},
    number = {4},
    month = {3},
    pages = {597--605},
    volume = {11},
    publisher = {Springer-Verlag},
    url = {http://link.springer.com/10.1007/s003300000595},
    doi = {10.1007/s003300000595},
    issn = {0938-7994}
}

@article{Erhard2016CharacterizationMammography,
    title = {{Characterization of Cystic Lesions by Spectral Mammography}},
    year = {2016},
    journal = {Investigative Radiology},
    author = {Erhard, Klaus and Kilburn-Toppin, Fleur and Willsher, Paula and Moa, Elin and Fredenberg, Erik and Wieberneit, Nataly and Buelow, Thomas and Wallis, Matthew G.},
    month = {1},
    pages = {1},
    url = {http://content.wkhealth.com/linkback/openurl?sid=WKPTLP:landingpage&an=00004424-900000000-99234},
    doi = {10.1097/RLI.0000000000000246},
    issn = {0020-9996}
}

@article{Dappa2016CinematicImaging.,
    title = {{Cinematic rendering - an alternative to volume rendering for 3D computed tomography imaging.}},
    year = {2016},
    journal = {Insights into imaging},
    author = {Dappa, Evelyn and Higashigaito, Kai and Fornaro, Jürgen and Leschka, Sebastian and Wildermuth, Simon and Alkadhi, Hatem},
    number = {6},
    month = {12},
    pages = {849--856},
    volume = {7},
    publisher = {Springer},
    url = {http://www.ncbi.nlm.nih.gov/pubmed/27628743 http://www.pubmedcentral.nih.gov/articlerender.fcgi?artid=PMC5110476},
    doi = {10.1007/s13244-016-0518-1},
    issn = {1869-4101},
    pmid = {27628743},
    keywords = {Cinematic rendering, Computed tomography, Image processing, Three-dimensional, Volume rendering}
}

@article{Ricke2003ClinicalRadiography,
    title = {{Clinical results of CsI-detector-based dual-exposure dual energy in chest radiography}},
    year = {2003},
    journal = {European Radiology},
    author = {Ricke, Jens and Fischbach, Frank and Freund, Torsten and Teichgrber, Ulf and Henninen, Enrique Lopez and Rottgen, Rainer and Engert, Ulrike and Eichstidt, Hermann and Felix, Roland},
    number = {12},
    month = {12},
    pages = {2577--2582},
    volume = {13},
    publisher = {Springer-Verlag},
    url = {http://link.springer.com/10.1007/s00330-003-1913-9},
    doi = {10.1007/s00330-003-1913-9}
}

@article{Myronakis2012ComputationalApplications,
    title = {{Computational modelling of pixelated CdZnTe detectors for x-and {$\gamma$}-ray imaging applications}},
    year = {2012},
    author = {Myronakis, M E and Zvelebil, M and Darambara, D G},
    url = {http://iopscience.iop.org/article/10.1088/1748-0221/7/03/P03004/pdf},
    doi = {10.1088/1748-0221/7/03/P03004},
    keywords = {()}
}

@book{Trtik2001ConeAlgorithm,
    title = {{Cone Beam Volume CT Image Artifacts Caused by Defective Cells in X-Ray Flat Panel Imagers and the Artifact Removal Using a Wavelet-Analysis-Based Algorithm}},
    year = {2001},
    booktitle = {IEEE Trans. Pattern Analysis and Machine Intelligence},
    author = {Trtik, Pavel and Marone, Federica and Stampanoni, Marco},
    number = {10},
    pages = {216--228},
    volume = {40},
    publisher = {Academic Press},
    url = {https://www.zora.uzh.ch/id/eprint/27018/2/Muench.pdf},
    isbn = {9780124666061}
}

@article{Hubbard2011CumulativeMammography,
    title = {{Cumulative Probability of False-Positive Recall or Biopsy Recommendation After 10 Years of Screening Mammography}},
    year = {2011},
    journal = {Annals of Internal Medicine},
    author = {Hubbard, Rebecca A. and Kerlikowske, Karla and Flowers, Chris I. and Yankaskas, Bonnie C. and Zhu, Weiwei and Miglioretti, Diana L.},
    number = {8},
    month = {10},
    pages = {481},
    volume = {155},
    url = {http://www.ncbi.nlm.nih.gov/pubmed/22007042 http://www.pubmedcentral.nih.gov/articlerender.fcgi?artid=PMC3209800 http://annals.org/article.aspx?doi=10.7326/0003-4819-155-8-201110180-00004},
    doi = {10.7326/0003-4819-155-8-201110180-00004},
    issn = {0003-4819},
    pmid = {22007042}
}

@article{Herwig2018Cyberhubs:Astronomy,
    title = {{Cyberhubs: Virtual research environments for astronomy}},
    year = {2018},
    journal = {Astrophysical Journal, Supplement Series},
    author = {Herwig, F. and Andrassy, R. and Annau, N. and Clarkson, O. and C{\^{o}}t{\'{e}}, B. and D'Sa, A. and Jones, S. and Moa, B. and O'Connell, J. and Porter, D. and Ritter, C. and Woodward, P.},
    number = {1},
    volume = {236},
    doi = {10.3847/1538-4365/aab777},
    issn = {00670049},
    keywords = {methods: Data analysis-stars: Abundances, stars: Evolution}
}

@article{Iniewski2014CZTImaging,
    title = {{CZT detector technology for medical imaging}},
    year = {2014},
    journal = {Journal of Instrumentation},
    author = {Iniewski, K.},
    number = {11},
    month = {11},
    pages = {C11001-C11001},
    volume = {9},
    url = {http://stacks.iop.org/1748-0221/9/i=11/a=C11001?key=crossref.43b5ecec1455d745000db91b1132546c},
    doi = {10.1088/1748-0221/9/11/C11001},
    issn = {1748-0221}
}

@article{Watanabe1999DerivationPhotons,
    title = {{Derivation of linear attenuation coefficients from CT numbers for low-energy photons}},
    year = {1999},
    journal = {Physics in Medicine and Biology},
    author = {Watanabe, Yoichi},
    number = {9},
    month = {9},
    pages = {2201--2211},
    volume = {44},
    publisher = {IOP Publishing},
    url = {http://stacks.iop.org/0031-9155/44/i=9/a=308?key=crossref.59ad400d4233b32a0dfb6268d432af2a},
    doi = {10.1088/0031-9155/44/9/308},
    issn = {0031-9155}
}

@article{Landry2013DerivingCoefficients,
    title = {{Deriving effective atomic numbers from DECT based on a parameterization of the ratio of high and low linear attenuation coefficients}},
    year = {2013},
    journal = {PHYSICS IN MEDICINE AND BIOLOGY},
    author = {Landry, Guillaume and Seco, Joao and Gaudreault, Mathieu and Verhaegen, Frank},
    pages = {6851–6866},
    volume = {58}
}

@article{McFarlane2003DetectionBackscatter,
    title = {{Detection of Bone Fragments in Chicken Meat using X-ray Backscatter}},
    year = {2003},
    journal = {Biosystems Engineering},
    author = {McFarlane, N.J.B. and Speller, R.D. and Bull, C.R. and Tillett, R.D.},
    number = {2},
    month = {6},
    pages = {185--199},
    volume = {85},
    url = {http://linkinghub.elsevier.com/retrieve/pii/S1537511003000369},
    doi = {10.1016/S1537-5110(03)00036-9},
    issn = {15375110}
}

@article{SaketDevelopmentVelocity,
    title = {{Development of thermal image velocimetry techniques to measure the water surface velocity}},
    author = {Saket, A and Peirson, W L and Banner, M L and Barthelemy, X},
    url = {http://iopscience.iop.org/article/10.1088/1755-1315/35/1/012021/pdf}
}

@article{Chiarelli2013DigitalProgram,
    title = {{Digital Compared with Screen-Film Mammography: Performance Measures in Concurrent Cohorts within an Organized Breast Screening Program}},
    year = {2013},
    journal = {Radiology},
    author = {Chiarelli, Anna M. and Edwards, Sarah A. and Prummel, Maegan V. and Muradali, Derek and Majpruz, Vicky and Done, Susan J. and Brown, Patrick and Shumak, Rene S. and Yaffe, Martin J.},
    number = {3},
    month = {9},
    pages = {684--693},
    volume = {268},
    publisher = {Radiological Society of North America, Inc.},
    url = {http://pubs.rsna.org/doi/10.1148/radiol.13122567},
    doi = {10.1148/radiol.13122567},
    issn = {0033-8419}
}

@article{vanElmpt2016DualOutlook,
    title = {{Dual energy CT in radiotherapy: Current applications and future outlook}},
    year = {2016},
    journal = {Radiotherapy and Oncology},
    author = {van Elmpt, Wouter and Landry, Guillaume and Das, Marco and Verhaegen, Frank},
    number = {1},
    pages = {137--144},
    volume = {119},
    url = {http://www.sciencedirect.com/science/article/pii/S0167814016001146},
    doi = {10.1016/j.radonc.2016.02.026},
    issn = {01678140}
}

@article{Hoggarth2013DualSystem,
    title = {{Dual energy imaging using a clinical on-board imaging system}},
    year = {2013},
    journal = {Physics in Medicine and Biology},
    author = {Hoggarth, M A and Luce, J and Syeda, F and Bray, T S and Block, A and Nagda, S and Roeske, J C},
    number = {12},
    month = {6},
    pages = {4331--4340},
    volume = {58},
    publisher = {IOP Publishing},
    url = {http://stacks.iop.org/0031-9155/58/i=12/a=4331?key=crossref.c3b7968cbf02f8d3c46e377471201e69},
    doi = {10.1088/0031-9155/58/12/4331},
    issn = {0031-9155}
}

@article{McCollough2015Dual-Applications,
    title = {{Dual- and Multi-Energy CT: Principles, Technical Approaches, and Clinical Applications}},
    year = {2015},
    journal = {Radiology},
    author = {McCollough, Cynthia H. and Leng, Shuai and Yu, Lifeng and Fletcher, Joel G.},
    number = {3},
    month = {9},
    pages = {637--653},
    volume = {276},
    publisher = {Radiological Society of North America},
    url = {http://pubs.rsna.org/doi/10.1148/radiol.2015142631},
    doi = {10.1148/radiol.2015142631},
    issn = {0033-8419}
}

@article{Bazalova2008Dual-energyCalculations,
    title = {{Dual-energy CT-based material extraction for tissue segmentation in Monte Carlo dose calculations}},
    year = {2008},
    journal = {Physics in Medicine and Biology},
    author = {Bazalova, Magdalena and Carrier, Jean-François and Beaulieu, Luc and Verhaegen, Frank},
    number = {9},
    volume = {53},
    url = {http://iopscience.iop.org/article/10.1088/0031-9155/53/9/015/meta;jsessionid=CD2EFF05E97F9D4A4A8F876240DC1FA1.c3.iopscience.cld.iop.org}
}

@article{Bazalova2008Dual-energyCalculationsb,
    title = {{Dual-energy CT-based material extraction for tissue segmentation in Monte Carlo dose calculations}},
    year = {2008},
    journal = {Physics in Medicine and Biology},
    author = {Bazalova, Magdalena and Carrier, Jean-François and Beaulieu, Luc and Verhaegen, Frank},
    number = {9},
    month = {5},
    pages = {2439--2456},
    volume = {53},
    publisher = {IOP Publishing},
    url = {http://stacks.iop.org/0031-9155/53/i=9/a=015?key=crossref.c42f501684c33a703224ce8744e09d59},
    doi = {10.1088/0031-9155/53/9/015},
    issn = {0031-9155}
}

@article{Taibi2003Dual-energyStudy,
    title = {{Dual-energy imaging in full-field digital mammography: a phantom study}},
    year = {2003},
    journal = {Physics in Medicine and Biology},
    author = {Taibi, A and Fabbri, S and Baldelli, P and Maggio, C di and Gennaro, G and Marziani, M and Tuffanelli, A and Gambaccini, M},
    number = {13},
    month = {7},
    pages = {1945--1956},
    volume = {48},
    publisher = {IOP Publishing},
    url = {http://stacks.iop.org/0031-9155/48/i=13/a=307?key=crossref.6a70a0e18211827e0890e3c06da6b518},
    doi = {10.1088/0031-9155/48/13/307},
    issn = {0031-9155}
}

@article{Gomi2012Dual-EnergyEvaluation,
    title = {{Dual-Energy Subtraction X-Ray Digital Tomosynthesis: Basic Physical Evaluation}},
    year = {2012},
    journal = {Open Journal of Medical Imaging},
    author = {Gomi, Tsutomu and Nakajima, Masahiro},
    number = {03},
    month = {9},
    pages = {111--117},
    volume = {02},
    publisher = {Scientific Research Publishing},
    url = {http://www.scirp.org/journal/doi.aspx?DOI=10.4236/ojmi.2012.23021},
    doi = {10.4236/ojmi.2012.23021},
    issn = {2164-2788}
}

@article{Marziani2002Dual-energyX-rays,
    title = {{Dual-energy tissue cancellation in mammography with quasi-monochromatic x-rays}},
    year = {2002},
    journal = {Physics in Medicine and Biology},
    author = {Marziani, M and Taibi, A and Tuffanelli, A and Gambaccini, M},
    number = {2},
    month = {1},
    pages = {305--313},
    volume = {47},
    publisher = {IOP Publishing},
    url = {http://stacks.iop.org/0031-9155/47/i=2/a=309?key=crossref.d99a2b37b9b067fd99d356d3a766026f},
    doi = {10.1088/0031-9155/47/2/309},
    issn = {0031-9155}
}

@article{Xu2011DynamicStudy,
    title = {{Dynamic dual-energy chest radiography: a potential tool for lung tissue motion monitoring and kinetic study}},
    year = {2011},
    journal = {Physics in Medicine and Biology},
    author = {Xu, Tong and Ducote, Justin L and Wong, Jerry T and Molloi, Sabee},
    number = {4},
    month = {2},
    pages = {1191--1205},
    volume = {56},
    publisher = {IOP Publishing},
    url = {http://stacks.iop.org/0031-9155/56/i=4/a=019?key=crossref.72641b95841f58edf37378eea037c513},
    doi = {10.1088/0031-9155/56/4/019},
    issn = {0031-9155}
}

@article{Kurudirek2014EffectiveApplications,
    title = {{Effective atomic numbers and electron densities of some human tissues and dosimetric materials for mean energies of various radiation sources relevant to radiotherapy and medical applications}},
    year = {2014},
    journal = {Radiation Physics and Chemistry},
    author = {Kurudirek, Murat},
    month = {9},
    pages = {139--146},
    volume = {102},
    publisher = {Pergamon},
    url = {https://www-sciencedirect-com.ezproxy.library.uvic.ca/science/article/pii/S0969806X14001613?_rdoc=1&_fmt=high&_origin=gateway&_docanchor=&md5=b8429449ccfc9c30159a5f9aeaa92ffb&ccp=y},
    doi = {10.1016/J.RADPHYSCHEM.2014.04.033},
    issn = {0969-806X}
}

@article{Fiederle2008EnergyMediPix2,
    title = {{Energy calibration measurements of MediPix2}},
    year = {2008},
    journal = {Nuclear Instruments and Methods in Physics Research Section A: Accelerators, Spectrometers, Detectors and Associated Equipment},
    author = {Fiederle, M. and Greiffenberg, D. and Id{\'{a}}rraga, J. and Jakůbek, J. and Kr{\'{a}}l, V. and Lebel, C. and Leroy, C. and Lord, G. and Posp{\'{i}}{\v{s}}il, S. and Sochor, V. and Suk, M.},
    number = {1},
    month = {6},
    pages = {75--79},
    volume = {591},
    publisher = {North-Holland},
    url = {https://www.sciencedirect.com/science/article/pii/S0168900208004051},
    doi = {10.1016/J.NIMA.2008.03.042},
    issn = {0168-9002}
}

@inproceedings{Das2015EnergyApplications,
    title = {{Energy calibration of photon counting detectors using x-ray tube potential as a reference for material decomposition applications}},
    year = {2015},
    author = {Das, Mini and Kandel, Bigyan and Park, Chan Soo and Liang, Zhihua},
    editor = {Hoeschen, Christoph and Kontos, Despina and Flohr, Thomas G.},
    month = {3},
    pages = {941214},
    volume = {9412},
    publisher = {International Society for Optics and Photonics},
    url = {http://proceedings.spiedigitallibrary.org/proceeding.aspx?doi=10.1117/12.2082979},
    doi = {10.1117/12.2082979},
    keywords = {Energy calibration, Medipix, Photon counting detectors}
}

@article{Panta2015EnergyDetectors,
    title = {{Energy Calibration of the Pixels of Spectral X-ray Detectors}},
    year = {2015},
    journal = {IEEE Transactions on Medical Imaging},
    author = {Panta, Raj Kumar and Walsh, Michael F. and Bell, Stephen T. and Anderson, Nigel G. and Butler, Anthony P. and Butler, Philip H.},
    number = {3},
    month = {3},
    pages = {697--706},
    volume = {34},
    url = {http://ieeexplore.ieee.org/lpdocs/epic03/wrapper.htm?arnumber=6855321},
    doi = {10.1109/TMI.2014.2337881},
    issn = {0278-0062}
}

@article{Cho2014EnergyStudy,
    title = {{Energy response calibration of photon-counting detectors using x-ray fluorescence: a feasibility study}},
    year = {2014},
    journal = {Physics in Medicine and Biology},
    author = {Cho, H-M and Ding, H and Ziemer, BP and Molloi, S},
    number = {23},
    month = {12},
    pages = {7211--7227},
    volume = {59},
    publisher = {IOP Publishing},
    url = {http://stacks.iop.org/0031-9155/59/i=23/a=7211?key=crossref.5033108f5922b48efbadcb30f837be2f},
    doi = {10.1088/0031-9155/59/23/7211},
    issn = {0031-9155}
}

@article{Alvarez1976Energy-selectiveTomography.,
    title = {{Energy-selective reconstructions in X-ray computerized tomography.}},
    year = {1976},
    journal = {Physics in medicine and biology},
    author = {Alvarez, R E and Macovski, A},
    number = {5},
    month = {9},
    pages = {733--44},
    volume = {21},
    url = {http://www.ncbi.nlm.nih.gov/pubmed/967922},
    issn = {0031-9155},
    pmid = {967922}
}

@article{Alvarez1976Energy-selectiveTomography.b,
    title = {{Energy-selective reconstructions in X-ray computerized tomography.}},
    year = {1976},
    journal = {Physics in medicine and biology},
    author = {Alvarez, R E and Macovski, A},
    number = {5},
    month = {9},
    pages = {733--44},
    volume = {21},
    url = {http://www.ncbi.nlm.nih.gov/pubmed/967922},
    issn = {0031-9155},
    pmid = {967922}
}

@misc{EnvironmentalBooks,
    title = {{Environmental Hydraulics, Two Volume Set: Proceedings of the 6th ... - Google Books}},
    url = {https://books.google.ca/books?hl=en&lr=&id=ay_MBQAAQBAJ&oi=fnd&pg=PA373&ots=KueU650si_&sig=jAy5dxhhU4egRA4guIJvTcTljlc#v=onepage&q&f=false}
}

@article{Mushlin1998EstimatingMeta-analysis,
    title = {{Estimating the accuracy of screening mammography: A meta-analysis}},
    year = {1998},
    journal = {American Journal of Preventive Medicine},
    author = {Mushlin, Alvin I. and Kouides, Ruth W. and Shapiro, David E.},
    number = {2},
    month = {2},
    pages = {143--153},
    volume = {14},
    publisher = {Elsevier},
    url = {https://www.sciencedirect.com/science/article/pii/S0749379797000196?via%3Dihub},
    doi = {10.1016/S0749-3797(97)00019-6},
    issn = {0749-3797}
}

@article{Yang2015EvaluationIrradiation,
    title = {{Evaluation of a cone beam computed tomography geometry for image guided small animal irradiation}},
    year = {2015},
    journal = {Physics in Medicine and Biology},
    author = {Yang, Yidong and Armour, Michael and Wang, Ken Kang-Hsin and Gandhi, Nishant and Iordachita, Iulian and Siewerdsen, Jeffrey and Wong, John},
    number = {13},
    month = {7},
    pages = {5163--5177},
    volume = {60},
    url = {http://www.ncbi.nlm.nih.gov/pubmed/26083659 http://www.pubmedcentral.nih.gov/articlerender.fcgi?artid=PMC4526144 http://stacks.iop.org/0031-9155/60/i=13/a=5163?key=crossref.9da44e63d6107754ab4edd70ca6ac98b},
    doi = {10.1088/0031-9155/60/13/5163},
    issn = {0031-9155},
    pmid = {26083659}
}

@article{Yu2016EvaluationArray.,
    title = {{Evaluation of conventional imaging performance in a research whole-body CT system with a photon-counting detector array.}},
    year = {2016},
    journal = {Physics in medicine and biology},
    author = {Yu, Zhicong and Leng, Shuai and Jorgensen, Steven M and Li, Zhoubo and Gutjahr, Ralf and Chen, Baiyu and Halaweish, Ahmed F and Kappler, Steffen and Yu, Lifeng and Ritman, Erik L and McCollough, Cynthia H},
    number = {4},
    month = {2},
    pages = {1572--95},
    volume = {61},
    publisher = {NIH Public Access},
    url = {http://www.ncbi.nlm.nih.gov/pubmed/26835839 http://www.pubmedcentral.nih.gov/articlerender.fcgi?artid=PMC4782185},
    doi = {10.1088/0031-9155/61/4/1572},
    issn = {1361-6560},
    pmid = {26835839}
}

@article{Schlomka2008ExperimentalTomography,
    title = {{Experimental feasibility of multi-energy photon-counting K-edge imaging in pre-clinical computed tomography}},
    year = {2008},
    journal = {Physics in Medicine and Biology},
    author = {Schlomka, J P and Roessl, E and Dorscheid, R and Dill, S and Martens, G and Istel, T and B{\"{a}}umer, C and Herrmann, C and Steadman, R and Zeitler, G and Livne, A and Proksa, R},
    number = {15},
    month = {8},
    pages = {4031--4047},
    volume = {53},
    url = {http://www.ncbi.nlm.nih.gov/pubmed/18612175 http://stacks.iop.org/0031-9155/53/i=15/a=002?key=crossref.9f5b1d51d354a326570a7360dceaa9de},
    doi = {10.1088/0031-9155/53/15/002},
    issn = {0031-9155},
    pmid = {18612175}
}

@article{Landry2011ExtractingModel,
    title = {{Extracting atomic numbers and electron densities from a dual source dual energy CT scanner: Experiments and a simulation model}},
    year = {2011},
    journal = {Radiotherapy and Oncology},
    author = {Landry, Guillaume and Reniers, Brigitte and Granton, Patrick Vincent and van Rooijen, Bart and Beaulieu, Luc and Wildberger, Joachim E. and Verhaegen, Frank},
    number = {3},
    pages = {375--379},
    volume = {100},
    url = {http://www.sciencedirect.com/science/article/pii/S0167814011005068},
    doi = {10.1016/j.radonc.2011.08.029},
    issn = {01678140}
}

@article{JiaFastCalculation,
    title = {{Fast Monte Carlo Simulation for Patient-specific CT/CBCT Imaging Dose Calculation}},
    author = {Jia, Xun and Yan, Hao and Gu, Xuejun and Jiang, Steve B},
    url = {https://arxiv.org/ftp/arxiv/papers/1109/1109.3266.pdf}
}

@misc{FeedforwardFeedforwardnet,
    title = {{Feedforward neural network - MATLAB feedforwardnet}},
    url = {https://www.mathworks.com/help/nnet/ref/feedforwardnet.html}
}

@article{Loog2006FilterRadiographs,
    title = {{Filter learning: Application to suppression of bony structures from chest radiographs}},
    year = {2006},
    journal = {Medical Image Analysis},
    author = {Loog, M and Vanginneken, B and Schilham, A},
    number = {6},
    month = {12},
    pages = {826--840},
    volume = {10},
    url = {http://linkinghub.elsevier.com/retrieve/pii/S1361841506000454},
    doi = {10.1016/j.media.2006.06.002}
}

@article{Harlow2004FluidLA-UR-03-3852,
    title = {{Fluid dynamics in Group T-3 Los Alamos National Laboratory: (LA-UR-03-3852)}},
    year = {2004},
    journal = {Journal of Computational Physics},
    author = {Harlow, Francis H.},
    number = {2},
    month = {4},
    pages = {414--433},
    volume = {195},
    publisher = {Academic Press},
    url = {https://www.sciencedirect.com/science/article/pii/S0021999103005692},
    doi = {10.1016/J.JCP.2003.09.031},
    issn = {0021-9991}
}

@article{Vanden-Broeck1987Free-surfaceChannel,
    title = {{Free-surface flow over an obstruction in a channel}},
    year = {1987},
    journal = {Physics of Fluids},
    author = {Vanden-Broeck, Jean-Marc},
    number = {8},
    pages = {2315},
    volume = {30},
    url = {http://scitation.aip.org/content/aip/journal/pof1/30/8/10.1063/1.866121},
    doi = {10.1063/1.866121},
    issn = {00319171}
}

@article{Full-text,
    title = {{full-text}}
}

@article{Agostinelli2003Geant4Toolkit,
    title = {{Geant4 a simulation toolkit}},
    year = {2003},
    journal = {Nuclear Instruments and Methods in Physics Research Section A: Accelerators, Spectrometers, Detectors and Associated Equipment},
    author = {Agostinelli, S. and {et al.}},
    number = {3},
    month = {7},
    pages = {250--303},
    volume = {506},
    publisher = {North-Holland},
    url = {https://www.sciencedirect.com/science/article/pii/S0168900203013688?via%3Dihub},
    doi = {10.1016/S0168-9002(03)01368-8}
}

@article{Lehmann1981GeneralizedRadiography,
    title = {{Generalized image combinations in dual KVP digital radiography}},
    year = {1981},
    journal = {Medical Physics},
    author = {Lehmann, L. A. and Alvarez, R. E. and Macovski, A. and Brody, W. R. and Pelc, N. J. and Riederer, S. J. and Hall, A. L.},
    number = {5},
    month = {9},
    pages = {659--667},
    volume = {8},
    publisher = {Wiley-Blackwell},
    url = {http://doi.wiley.com/10.1118/1.595025},
    doi = {10.1118/1.595025},
    issn = {00942405},
    keywords = {ALGORITHMS, ATTENUATION, BIOMEDICAL RADIOGRAPHY, Biomedical imaging, DECOMPOSITION, Digital radiography, ENERGY DEPENDENCE, IMAGES, Image transforms, Materials properties, Medical image contrast, Medical imaging, Non‐ionizing radiation equipment and techniques, Radiography, X‐ and {$\gamma$}‐ray instruments}
}

@article{Geuzaine2009Gmsh:Facilities,
    title = {{Gmsh: a three-dimensional finite element mesh generator with built-in pre-and post-processing facilities}},
    year = {2009},
    journal = {INTERNATIONAL JOURNAL FOR NUMERICAL METHODS IN ENGINEERING Int. J. Numer. Meth. Engng},
    author = {Geuzaine, Christophe and Remacle, Jean-François},
    pages = {1--24},
    volume = {0},
    url = {http://gmsh.info/doc/preprints/gmsh_paper_preprint.pdf},
    keywords = {Computer Aided Design, Finite Element Method, Mesh generation, Open Source Software, Post-Processing}
}

@article{Wong2008High-ResolutionCapabilities,
    title = {{High-Resolution, Small Animal Radiation Research Platform With X-Ray Tomographic Guidance Capabilities}},
    year = {2008},
    journal = {International Journal of Radiation Oncology Biology Physics},
    author = {Wong, John and Armour, Elwood and Kazanzides, Peter and Iordachita, Iulian and Tryggestad, Erik and Deng, Hua and Matinfar, Mohammad and Kennedy, Christopher and Liu, Zejian and Chan, Timothy and Gray, Owen and Verhaegen, Frank and McNutt, Todd and Ford, Eric and DeWeese, Theodore L.},
    isbn = {0360-3016},
    doi = {10.1016/j.ijrobp.2008.04.025},
    issn = {03603016},
    pmid = {18640502},
    keywords = {Focal laboratory irradiation, Radiation research, Small animal}
}

@article{Gillis2012HyperspectralGraphs,
    title = {{Hyperspectral image segmentation using spatial-spectral graphs}},
    year = {2012},
    author = {Gillis, David B and Bowles, Jeffrey H},
    url = {http://spiedl.org/terms},
    doi = {10.1117/12.919743},
    keywords = {Hyperspectral, classification, graph, nonlinear, segmentation, spatial-spectral}
}

@article{Mahesh2015HyperspectralMaterials,
    title = {{Hyperspectral imaging to classify and monitor quality of agricultural materials}},
    year = {2015},
    journal = {Journal of Stored Products Research},
    author = {Mahesh, S. and Jayas, D.S. and Paliwal, J. and White, N.D.G.},
    month = {3},
    pages = {17--26},
    volume = {61},
    publisher = {Pergamon},
    url = {https://www.sciencedirect.com/science/article/abs/pii/S0022474X15000089?via%3Dihub},
    doi = {10.1016/J.JSPR.2015.01.006},
    issn = {0022-474X}
}

@article{Landry2013ImaSimRadiology,
    title = {{ImaSim, a software tool for basic education of medical x-ray imaging in radiotherapy and radiology}},
    year = {2013},
    journal = {Frontiers in Physics},
    author = {Landry, Guillaume and deBlois, François and Verhaegen, Frank},
    volume = {1},
    url = {http://journal.frontiersin.org/article/10.3389/fphy.2013.00022/abstract},
    doi = {10.3389/fphy.2013.00022},
    issn = {2296-424X}
}

@article{Li2008ImprovedRadiography,
    title = {{Improved Detection of Small Lung Cancers with Dual-Energy Subtraction Chest Radiography}},
    year = {2008},
    journal = {American Journal of Roentgenology},
    author = {Li, Feng and Engelmann, Roger and Doi, Kunio and MacMahon, Heber},
    number = {4},
    month = {4},
    pages = {886--891},
    volume = {190},
    publisher = {American Roentgen Ray Society},
    url = {http://www.ajronline.org/doi/10.2214/AJR.07.2875},
    doi = {10.2214/AJR.07.2875},
    issn = {0361-803X},
    keywords = {diagnostic radiology, digital radiography, dual-energy subtraction radiography, lung neoplasms, observer performance study}
}

@article{PrimakImprovedFiltration,
    title = {{Improved dual-energy material discrimination for dual-source CT by means of additional spectral filtration}},
    author = {Primak, A N and Ramirez Giraldo, J C and Liu, X and Yu, L and McCollough, C H},
    doi = {10.1118/1.3083567͔},
    keywords = {()}
}

@article{Cote2016ImprovedCalculation,
    title = {{Improved tissue assignment using dual-energy computed tomography in low-dose rate prostate brachytherapy for Monte Carlo dose calculation}},
    year = {2016},
    journal = {Medical Physics},
    author = {C{\^{o}}t{\'{e}}, Nicolas and Bedwani, Stéphane and Carrier, Jean-François},
    number = {5},
    month = {4},
    pages = {2611--2618},
    volume = {43},
    publisher = {American Association of Physicists in Medicine},
    url = {http://doi.wiley.com/10.1118/1.4947486},
    doi = {10.1118/1.4947486},
    issn = {00942405},
    keywords = {Applications, Biological material, e.g. blood, urine, Brachytherapy, Computed tomography, Computerised tomographs, Dose‐volume analysis, Dosimetry, Haemocytometers, Image data processing or generation, Image enhancement or restoration, Mars, Medical image artifacts, Medical image reconstruction, Monte Carlo methods, Monte Carlo simulations, Noise, Photons, Scintigraphy, Therapeutic applications, Tissues, and low‐dose rate brachytherapy (LDRB), biological organs, biological tissues, brachytherapy, computerised tomography, dosimetry, dual‐energy computed tomography (DECT), image denoising, in general, including brachytherapy, medical image processing, metallic artifact, phantoms, specially adapted for specific applications, stoichiometry, tissue assignment}
}

@article{Nguyen2004InternationalEngineering,
    title = {{International Journal of Computational Fluid Dynamics Applications of CFD in Hydraulics and River Engineering}},
    year = {2004},
    journal = {International Journal of Computational Fluid Dynamics},
    author = {Nguyen, Van Thinh and Nestmann, Franz},
    number = {2},
    pages = {165--174},
    volume = {18},
    url = {http://www.tandfonline.com/action/journalInformation?journalCode=gcfd20 https://doi.org/10.1080/10618560310001634186},
    doi = {10.1080/10618560310001634186},
    issn = {1029-0257},
    keywords = {Computational fluid dynamics, Free surface tracking, Hydraulics, Meshing, River engineering, Volume-of-fluid}
}

@article{Lebrun2003ISGRI:Imager,
    title = {{ISGRI: The INTEGRAL Soft Gamma-Ray Imager}},
    year = {2003},
    journal = {Astronomy {\&} Astrophysics},
    author = {Lebrun, F. and Leray, J. P. and Lavocat, P. and Cr{\'{e}}tolle, J. and Arqu{\`{e}}s, M. and Blondel, C. and Bonnin, C. and Bou{\`{e}}re, A. and Cara, C. and Chaleil, T. and Daly, F. and Desages, F. and Dzitko, H. and Horeau, B. and Laurent, P. and Limousin, O. and Mathy, F. and Mauguen, V. and Meignier, F. and Molini{\'{e}}, F. and Poindron, E. and Rouger, M. and Sauvageon, A. and Tourrette, T.},
    number = {1},
    month = {11},
    pages = {L141-L148},
    volume = {411},
    publisher = {EDP Sciences},
    url = {http://www.aanda.org/10.1051/0004-6361:20031367},
    doi = {10.1051/0004-6361:20031367},
    issn = {0004-6361},
    keywords = {IBIS., INTEGRAL, cadmium telluride detectors, calibration, gamma-ray astronomy, space telescope}
}

@article{Roessl2007K-edgeDetectors,
    title = {{K-edge imaging in x-ray computed tomography using multi-bin photon counting detectors}},
    year = {2007},
    journal = {Physics in Medicine and Biology},
    author = {Roessl, E and Proksa, R},
    number = {15},
    month = {8},
    pages = {4679--4696},
    volume = {52},
    publisher = {IOP Publishing},
    url = {http://stacks.iop.org/0031-9155/52/i=15/a=020?key=crossref.0f0dc84be58a1da33215055d96677d95},
    doi = {10.1088/0031-9155/52/15/020},
    issn = {0031-9155}
}

@techreport{ArthurK-means++:Seeding,
    title = {{k-means++: The Advantages of Careful Seeding}},
    author = {Arthur, David and Vassilvitskii, Sergei},
    url = {https://theory.stanford.edu/~sergei/papers/kMeansPP-soda.pdf}
}

@misc{Keras-team/keras:Humans,
    title = {{keras-team/keras: Deep Learning for humans}},
    url = {https://github.com/keras-team/keras}
}

@article{Lloyd1982LeastPCM,
    title = {{Least squares quantization in PCM}},
    year = {1982},
    journal = {IEEE Transactions on Information Theory},
    author = {Lloyd, S.},
    number = {2},
    month = {3},
    pages = {129--137},
    volume = {28},
    url = {http://ieeexplore.ieee.org/document/1056489/},
    doi = {10.1109/TIT.1982.1056489},
    issn = {0018-9448}
}

@article{Pearson1901LIII.Space/i,
    title = {{LIII. <i>On lines and planes of closest fit to systems of points in space</i>}},
    year = {1901},
    journal = {The London, Edinburgh, and Dublin Philosophical Magazine and Journal of Science},
    author = {Pearson, Karl},
    number = {11},
    month = {11},
    pages = {559--572},
    volume = {2},
    publisher = { Taylor {\&} Francis Group },
    url = {https://www.tandfonline.com/doi/full/10.1080/14786440109462720},
    doi = {10.1080/14786440109462720},
    issn = {1941-5982}
}

@article{Hosain2015LiteratureApplication,
    title = {{Literature Review of Accelerated CFD Simulation Methods towards Online Application}},
    year = {2015},
    journal = {Energy Procedia},
    author = {Hosain, Md Lokman and Fdhila, Rebei Bel},
    month = {8},
    pages = {3307--3314},
    volume = {75},
    publisher = {Elsevier},
    url = {https://www.sciencedirect.com/science/article/pii/S1876610215014824},
    doi = {10.1016/J.EGYPRO.2015.07.714},
    issn = {1876-6102}
}

@article{Vijayarekha2012MachineReview,
    title = {{Machine Vision Application for Food Quality: A Review}},
    year = {2012},
    journal = {Research Journal of Applied Sciences, Engineering and Technology},
    author = {Vijayarekha, K},
    number = {24},
    pages = {5453--5458},
    volume = {4},
    url = {https://pdfs.semanticscholar.org/398f/cee12e3b11a087a1082d05d61beefe9d2cea.pdf},
    issn = {2040-7467},
    keywords = {Apples, biscuits, corn, cucumber, mushrooms, nuts, oranges, potatoes, rice, strawberries, whea}
}

@article{Ziv2004MammographicCancer.,
    title = {{Mammographic density and estrogen receptor status of breast cancer.}},
    year = {2004},
    journal = {Cancer epidemiology, biomarkers {\&} prevention : a publication of the American Association for Cancer Research, cosponsored by the American Society of Preventive Oncology},
    author = {Ziv, Elad and Tice, Jeffrey and Smith-Bindman, Rebecca and Shepherd, John and Cummings, Steven and Kerlikowske, Karla},
    number = {12},
    month = {12},
    pages = {2090--5},
    volume = {13},
    publisher = {American Association for Cancer Research},
    url = {http://www.ncbi.nlm.nih.gov/pubmed/15598766},
    doi = {10.1158/1055-9965.epi-06-0034},
    issn = {1055-9965},
    pmid = {15598766}
}

@article{Suleiman2017MeanComparison.,
    title = {{Mean glandular dose in digital mammography: a dose calculation method comparison.}},
    year = {2017},
    journal = {Journal of medical imaging (Bellingham, Wash.)},
    author = {Suleiman, Moayyad E and Brennan, Patrick C and McEntee, Mark F},
    number = {1},
    month = {1},
    pages = {013502},
    volume = {4},
    publisher = {Society of Photo-Optical Instrumentation Engineers},
    url = {http://www.ncbi.nlm.nih.gov/pubmed/28149921 http://www.pubmedcentral.nih.gov/articlerender.fcgi?artid=PMC5260632},
    doi = {10.1117/1.JMI.4.1.013502},
    issn = {2329-4302},
    pmid = {28149921},
    keywords = {dosimetry, organ dose, radiation, screening mammography}
}

@article{Norouzi2014MedicalApplications,
    title = {{Medical Image Segmentation Methods, Algorithms, and Applications}},
    year = {2014},
    journal = {IETE Technical Review},
    author = {Norouzi, Alireza and Rahim, Mohd Shafry Mohd and Altameem, Ayman and Saba, Tanzila and Rad, Abdolvahab Ehsani and Rehman, Amjad and Uddin, Mueen},
    number = {3},
    month = {5},
    pages = {199--213},
    volume = {31},
    url = {http://www.tandfonline.com/doi/abs/10.1080/02564602.2014.906861},
    doi = {10.1080/02564602.2014.906861},
    issn = {0256-4602}
}

@article{Quekel1999MissPractice,
    title = {{Miss Rate of Lung Cancer on the Chest Radiograph in Clinical Practice}},
    year = {1999},
    journal = {Chest},
    author = {Quekel, Lorentz G.B.A. and Kessels, Alphons G.H. and Goei, Reginald and van Engelshoven, Joseph M.A.},
    number = {3},
    month = {3},
    pages = {720--724},
    volume = {115},
    publisher = {Elsevier},
    url = {https://www.sciencedirect.com/science/article/pii/S0012369216356409?via%3Dihub},
    doi = {10.1378/CHEST.115.3.720},
    issn = {0012-3692}
}

@article{Shah2003MissedRetrospect,
    title = {{Missed Non-Small Cell Lung Cancer: Radiographic Findings of Potentially Resectable Lesions Evident Only in Retrospect}},
    year = {2003},
    journal = {Radiology},
    author = {Shah, Priya Kumar and Austin, John H. M. and White, Charles S. and Patel, Pavni and Haramati, Linda B. and Pearson, Gregory D. N. and Shiau, Maria C. and Berkmen, Yahya M.},
    number = {1},
    month = {1},
    pages = {235--241},
    volume = {226},
    url = {http://www.ncbi.nlm.nih.gov/pubmed/12511696 http://www.ncbi.nlm.nih.gov/pubmed/12511696},
    doi = {10.1148/radiol.2261011924},
    pmid = {12511696}
}

@article{Taguchi2011ModelingEffects.,
    title = {{Modeling the performance of a photon counting x-ray detector for CT: energy response and pulse pileup effects.}},
    year = {2011},
    journal = {Medical physics},
    author = {Taguchi, Katsuyuki and Zhang, Mengxi and Frey, Eric C and Wang, Xiaolan and Iwanczyk, Jan S and Nygard, Einar and Hartsough, Neal E and Tsui, Benjamin M W and Barber, William C},
    number = {2},
    month = {2},
    pages = {1089--102},
    volume = {38},
    publisher = {American Association of Physicists in Medicine},
    url = {http://www.ncbi.nlm.nih.gov/pubmed/21452746 http://www.pubmedcentral.nih.gov/articlerender.fcgi?artid=PMC3045417},
    doi = {10.1118/1.3539602},
    issn = {0094-2405},
    pmid = {21452746}
}

@article{SecoMonteTherapy,
    title = {{Monte Carlo Techniques in Radiation Therapy}},
    author = {Seco, Joao and Verhaegen, Frank},
    url = {http://ssu.ac.ir/cms/fileadmin/user_upload/Mtahghighat/parto_darmani/matlab_amoozeshi/simulation/Monte_Carlo_Techniques_in_Radiation_Therapy.pdf}
}

@inproceedings{SzilagyiMRAlgorithm,
    title = {{MR brain image segmentation using an enhanced fuzzy C-means algorithm}},
    booktitle = {Proceedings of the 25th Annual International Conference of the IEEE Engineering in Medicine and Biology Society (IEEE Cat. No.03CH37439)},
    author = {Szilagyi, L. and Benyo, Z. and Szilagyi, S.M. and Adam, H.S.},
    pages = {724--726},
    publisher = {IEEE},
    url = {http://ieeexplore.ieee.org/document/1279866/},
    isbn = {0-7803-7789-3},
    doi = {10.1109/IEMBS.2003.1279866}
}

@article{Kwak2016Multi-ElementApplications,
    title = {{Multi-Element CZT Array for Nuclear Safeguards Applications}},
    year = {2016},
    journal = {Journal of Instrumentation},
    author = {Kwak, S.-W. and Lee, A.-R. and Shin, J.-K. and Park, U.-R. and Park, S. and Kim, Y. and Chung, H.},
    number = {12},
    month = {12},
    pages = {C12073-C12073},
    volume = {11},
    publisher = {IOP Publishing},
    url = {http://stacks.iop.org/1748-0221/11/i=12/a=C12073?key=crossref.2f0a3d07ab2fff493409e9471e229dda},
    doi = {10.1088/1748-0221/11/12/C12073},
    issn = {1748-0221}
}

@inproceedings{Badea2018Multi-energyNetworks,
    title = {{Multi-energy CT decomposition using convolutional neural networks}},
    year = {2018},
    booktitle = {Medical Imaging 2018: Physics of Medical Imaging},
    author = {Badea, Cristian T. and Holbrook, Matthew and Clark, Darin P.},
    editor = {Chen, Guang-Hong and Lo, Joseph Y. and Gilat Schmidt, Taly},
    month = {3},
    pages = {59},
    volume = {10573},
    publisher = {SPIE},
    url = {https://www.spiedigitallibrary.org/conference-proceedings-of-spie/10573/2293728/Multi-energy-CT-decomposition-using-convolutional-neural-networks/10.1117/12.2293728.full},
    isbn = {9781510616356},
    doi = {10.1117/12.2293728},
    keywords = {convolutional neural networks, material decompositions, spectral CT}
}

@inproceedings{LanZhang2008Multi-energyDetectors,
    title = {{Multi-energy detection using CdZnTe semiconductor detectors}},
    year = {2008},
    booktitle = {2008 IEEE Nuclear Science Symposium Conference Record},
    author = {{Lan Zhang} and {Yuanjing Li} and {Xiaocui Zheng} and {Zhi Deng} and {Weibin Zhu} and {Nan Yao}},
    month = {10},
    pages = {428--433},
    publisher = {IEEE},
    url = {http://ieeexplore.ieee.org/document/4775200/},
    isbn = {978-1-4244-2714-7},
    doi = {10.1109/NSSMIC.2008.4775200}
}

@inproceedings{CajipeMulti-energyElectronics,
    title = {{Multi-energy X-ray imaging with linear CZT pixel arrays and integrated electronics}},
    booktitle = {IEEE Symposium Conference Record Nuclear Science 2004.},
    author = {Cajipe, V.B. and Calderwood, R.F. and Clajus, M. and Grattan, B. and Hayakawa, S. and Jayaraman, R. and Tumer, T.O. and Yossifor, O.},
    pages = {4548--4551},
    volume = {7},
    publisher = {IEEE},
    url = {http://ieeexplore.ieee.org/document/1466895/},
    isbn = {0-7803-8700-7},
    doi = {10.1109/NSSMIC.2004.1466895}
}

@article{ClajusMulti-EnergyCircuit,
    title = {{Multi-Energy, Fast Counting Hybrid CZT Pixel Detector with Dedicated Readout Integrated Circuit}},
    author = {Clajus, Martin and Cajipe, Victoria B and Hayakawa, Satoshi and T{\"{u}}mer, Tümay O and Willson, Paul D},
    url = {https://www.kromek.com/images/publications/Publication10.pdf}
}

@article{Scholz2015Non-invasiveReview,
    title = {{Non-invasive methods for the determination of body and carcass composition in livestock: dual-energy X-ray absorptiometry, computed tomography, magnetic resonance imaging and ultrasound: invited review}},
    year = {2015},
    journal = {animal},
    author = {Scholz, A. M. and B{\"{u}}nger, L. and Kongsro, J. and Baulain, U. and Mitchell, A. D.},
    number = {07},
    month = {7},
    pages = {1250--1264},
    volume = {9},
    publisher = {Cambridge University Press},
    url = {http://www.journals.cambridge.org/abstract_S1751731115000336},
    doi = {10.1017/S1751731115000336},
    issn = {1751-7311},
    keywords = {X-ray attenuation, animal, body composition, magnetic resonance imaging, ultrasound}
}

@article{DiLorenzo2006NumericalRidges,
    title = {{Numerical and Analytical Estimates of M2 Tidal Conversion at Steep Oceanic Ridges}},
    year = {2006},
    journal = {Journal of Physical Oceanography},
    author = {Di Lorenzo, Emanuele and Young, William R. and Smith, Stefan Llewellyn and Lorenzo, Emanuele Di and Young, William R. and Smith, Stefan Llewellyn},
    number = {6},
    month = {6},
    pages = {1072--1084},
    volume = {36},
    url = {http://journals.ametsoc.org/doi/abs/10.1175/JPO2880.1},
    doi = {10.1175/JPO2880.1}
}

@article{Harlow1965NumericalSurface,
    title = {{Numerical Calculation of Time-Dependent Viscous Incompressible Flow of Fluid with Free Surface}},
    year = {1965},
    journal = {Physics of Fluids},
    author = {Harlow, Francis H. and Welch, J. Eddie},
    number = {12},
    month = {12},
    pages = {2182},
    volume = {8},
    publisher = {American Institute of Physics},
    url = {http://scitation.aip.org/content/aip/journal/pof1/8/12/10.1063/1.1761178},
    doi = {10.1063/1.1761178},
    issn = {00319171}
}

@article{Niwa2001NumericalOcean,
    title = {{Numerical study of the spatial distribution of the M2 internal tide in the Pacific Ocean}},
    year = {2001},
    journal = {Journal of Geophysical Research: Oceans},
    author = {Niwa, Yoshihiro and Hibiya, Toshiyuki},
    number = {C10},
    month = {10},
    pages = {22441--22449},
    volume = {106},
    url = {http://doi.wiley.com/10.1029/2000JC000770},
    doi = {10.1029/2000JC000770}
}

@article{Lindholm2008NVIDIAArchitecture,
    title = {{NVIDIA Tesla: A Unified Graphics and Computing Architecture}},
    year = {2008},
    journal = {IEEE Micro},
    author = {Lindholm, Erik and Nickolls, John and Oberman, Stuart and Montrym, John},
    number = {2},
    month = {3},
    pages = {39--55},
    volume = {28},
    publisher = {IEEE Computer Society Press},
    url = {http://ieeexplore.ieee.org/document/4523358/},
    doi = {10.1109/MM.2008.31},
    issn = {0272-1732},
    keywords = {GPU, Hot Chips 19, SIMD, SIMT, Tesla, cooperative thread array, graphics processing unit, parallel processor, unified graphics and parallel computing architecture}
}

@article{Ponte1998OceanicRotation,
    title = {{Oceanic signals in observed motions of the Earth's pole of rotation}},
    year = {1998},
    journal = {Nature},
    author = {Ponte, Rui M. and Stammer, Detlef and Marshall, John},
    number = {6666},
    month = {1},
    pages = {476--479},
    volume = {391},
    publisher = {Nature Publishing Group},
    url = {http://www.nature.com/articles/35126},
    doi = {10.1038/35126},
    issn = {0028-0836}
}

@article{VayrynenOnExamples,
    title = {{On Validation of Mathematical Fluid Flow Models for Simulation of Tundish Water Models and Industrial Examples}},
    author = {V{\"{a}}yrynen, Petri J and Vapalahti, Sami K and Louhenkilpi, Seppo J},
    url = {https://pdfs.semanticscholar.org/c5e6/4dd850e57fa08ecaaa4cb4f5fe3655fe460e.pdf},
    keywords = {CFD, CFD modelling, FLOW-3D, Tundish, fluid flow models, water modles}
}

@article{Zhang1996OpenObstruction,
    title = {{Open channel flow past a bottom obstruction}},
    year = {1996},
    journal = {Journal of Engineering Mathematics},
    author = {Zhang, Yinglong and Zhu, Songping},
    number = {4},
    month = {7},
    pages = {487--499},
    volume = {30},
    publisher = {Kluwer Academic Publishers},
    url = {http://link.springer.com/10.1007/BF00049248},
    doi = {10.1007/BF00049248},
    issn = {0022-0833}
}

@article{JRSchynsOptimizingResearch,
    title = {{Optimizing dual energy cone beam CT protocols for preclinical imaging and radiation research}},
    author = {J R Schyns, Lotte E and Almeida, Isabel P and Van Hoof, Stefan J and Descamps, Benedicte and Vanhove, Christian and Landry, Guillaume and Granton, Patrick V and Verhaegen, Frank},
    url = {https://doi.org/10.1259/bjr.20160480},
    doi = {10.1259/bjr.20160480}
}

@article{Kerlikowske2013OutcomesTherapy,
    title = {{Outcomes of Screening Mammography by Frequency, Breast Density, and Postmenopausal Hormone Therapy}},
    year = {2013},
    journal = {JAMA Internal Medicine},
    author = {Kerlikowske, Karla and Zhu, Weiwei and Hubbard, Rebecca A. and Geller, Berta and Dittus, Kim and Braithwaite, Dejana and Wernli, Karen J. and Miglioretti, Diana L. and O’Meara, Ellen S. and Breast Cancer Surveillance Consortium, for the},
    number = {9},
    month = {5},
    pages = {807},
    volume = {173},
    url = {http://www.ncbi.nlm.nih.gov/pubmed/23552817 http://www.pubmedcentral.nih.gov/articlerender.fcgi?artid=PMC3699693 http://archinte.jamanetwork.com/article.aspx?doi=10.1001/jamainternmed.2013.307},
    doi = {10.1001/jamainternmed.2013.307},
    issn = {2168-6106},
    pmid = {23552817}
}

@incollection{Noe2001PartialClustering,
    title = {{Partial Volume Segmentation of Cerebral MRI Scans with Mixture Model Clustering}},
    year = {2001},
    author = {Noe, Aljaž and Gee, James C.},
    pages = {423--430},
    publisher = {Springer, Berlin, Heidelberg},
    url = {http://link.springer.com/10.1007/3-540-45729-1_44},
    doi = {10.1007/3-540-45729-1{\_}44}
}

@article{Fast2012PerformanceDevice,
    title = {{Performance characteristics of a novel megavoltage cone-beam-computed tomography device}},
    year = {2012},
    journal = {Physics in Medicine and Biology},
    author = {Fast, M F and Koenig, T and Oelfke, U and Nill, S},
    number = {3},
    month = {2},
    pages = {N15-N24},
    volume = {57},
    publisher = {IOP Publishing},
    url = {http://stacks.iop.org/0031-9155/57/i=3/a=N15?key=crossref.f2518469b6fbf24533045df0fac35e5b},
    doi = {10.1088/0031-9155/57/3/N15},
    issn = {0031-9155}
}

@article{Faby2015PerformanceStudy,
    title = {{Performance of today's dual energy CT and future multi energy CT in virtual non-contrast imaging and in iodine quantification: A simulation study}},
    year = {2015},
    journal = {Medical Physics},
    author = {Faby, Sebastian and Kuchenbecker, Stefan and Sawall, Stefan and Simons, David and Schlemmer, Heinz-Peter and Lell, Michael and Kachelrie{\ss}, Marc},
    number = {7},
    month = {6},
    pages = {4349--4366},
    volume = {42},
    publisher = {Wiley-Blackwell},
    url = {http://doi.wiley.com/10.1118/1.4922654},
    doi = {10.1118/1.4922654},
    issn = {00942405},
    keywords = {Biological material, e.g. blood, urine, Calibration, Computed tomography, Computerised tomographs, Digital computing or data processing equipment or methods, Haemocytometers, Image data processing or generation, Image sensors, Medical X‐ray imaging, Medical image noise, Photon counting, Photons, Probability theory, Scintillation detectors, X‐ray detectors, and statistics, computerised tomography, dual energy CT, in general, iodine, iodine imaging, maximum likelihood estimation, medical image processing, multi energy CT, photon counting, photon counting detector, specially adapted for specific applications, statistical material decomposition, stochastic processes, virtual non‐contrast imaging}
}

@article{SaitoPotentialRelationship,
    title = {{Potential of dual-energy subtraction for converting CT numbers to electron density based on a single linear relationship}},
    author = {Saito, Masatoshi},
    doi = {10.1118/1.3694111},
    keywords = {CT number, dual-energy CT, dual-source CT, electron density, energy subtraction}
}

@article{HerrmannPotentialMeat,
    title = {{Potential of x-ray devices to detecting fragments of different bones in deboned chicken meat}},
    author = {Herrmann, D and Grashorn, M A and Ehinger, F},
    url = {http://www.wpsa.com/index.php/publications/},
    keywords = {bone fragments, broiler meat, x-ray detection}
}

@article{Feldkamp1984PracticalAlgorithm,
    title = {{Practical cone-beam algorithm}},
    year = {1984},
    journal = {Journal of the Optical Society of America A},
    author = {Feldkamp, L. A. and Davis, L. C. and Kress, J. W.},
    number = {6},
    month = {6},
    pages = {612},
    volume = {1},
    publisher = {Optical Society of America},
    url = {https://www.osapublishing.org/abstract.cfm?URI=josaa-1-6-612},
    doi = {10.1364/JOSAA.1.000612},
    issn = {1084-7529}
}

@article{Legg2006PreliminaryTopography,
    title = {{Preliminary simulations of internal waves and mixing generated by finite amplitude tidal flow over isolated topography}},
    year = {2006},
    journal = {Deep Sea Research Part II: Topical Studies in Oceanography},
    author = {Legg, Sonya and Huijts, Karin M.H.},
    number = {1-2},
    month = {1},
    pages = {140--156},
    volume = {53},
    publisher = {Pergamon},
    url = {https://www.sciencedirect.com/science/article/pii/S0967064506000129},
    doi = {10.1016/J.DSR2.2005.09.014},
    issn = {0967-0645}
}

@misc{PrivateCanada,
    title = {{Private Member's Bill C-277 (42-1) - Royal Assent - Framework on Palliative Care in Canada Act - Parliament of Canada}},
    url = {http://www.parl.ca/DocumentViewer/en/42-1/bill/C-277/royal-assent}
}

@misc{Charles2013ProjectTitle,
    title = {{Project Title}},
    year = {2013},
    booktitle = {GitHub repository},
    author = {Charles, P W D},
    publisher = {GitHub},
    howpublished = {https://github.com/charlespwd/project-title}
}

@misc{Charles2013ProjectTitleb,
    title = {{Project Title}},
    year = {2013},
    booktitle = {GitHub repository},
    author = {Charles, P W D},
    publisher = {GitHub},
    howpublished = {https://github.com/charlespwd/project-title}
}

@article{Skaane2013ProspectiveArbitration.,
    title = {{Prospective trial comparing full-field digital mammography (FFDM) versus combined FFDM and tomosynthesis in a population-based screening programme using independent double reading with arbitration.}},
    year = {2013},
    journal = {European radiology},
    author = {Skaane, Per and Bandos, Andriy I and Gullien, Randi and Eben, Ellen B and Ekseth, Ulrika and Haakenaasen, Unni and Izadi, Mina and Jebsen, Ingvild N and Jahr, Gunnar and Krager, Mona and Hofvind, Solveig},
    number = {8},
    month = {8},
    pages = {2061--71},
    volume = {23},
    publisher = {Springer},
    url = {http://www.ncbi.nlm.nih.gov/pubmed/23553585 http://www.pubmedcentral.nih.gov/articlerender.fcgi?artid=PMC3701792},
    doi = {10.1007/s00330-013-2820-3},
    issn = {1432-1084},
    pmid = {23553585}
}

@article{Ding2012QuantificationStudy,
    title = {{Quantification of breast density with spectral mammography based on a scanned multi-slit photon-counting detector: a feasibility study}},
    year = {2012},
    journal = {Phys. Med. Biol},
    author = {Ding, Huanjun and {Sabee}},
    volume = {57},
    url = {http://iopscience.iop.org/article/10.1088/0031-9155/57/15/4719/pdf}
}

@article{Ding2012QuantificationStudy.,
    title = {{Quantification of breast density with spectral mammography based on a scanned multi-slit photon-counting detector: a feasibility study.}},
    year = {2012},
    journal = {Physics in medicine and biology},
    author = {Ding, Huanjun and Molloi, Sabee},
    number = {15},
    month = {8},
    pages = {4719--38},
    volume = {57},
    publisher = {NIH Public Access},
    url = {http://www.ncbi.nlm.nih.gov/pubmed/22771941 http://www.pubmedcentral.nih.gov/articlerender.fcgi?artid=PMC3478949},
    doi = {10.1088/0031-9155/57/15/4719},
    issn = {1361-6560},
    pmid = {22771941}
}

@article{Ding2016QuantificationStudy.,
    title = {{Quantification of breast lesion compositions using low-dose spectral mammography: A feasibility study.}},
    year = {2016},
    journal = {Medical physics},
    author = {Ding, Huanjun and Sennung, David and Cho, Hyo-Min and Molloi, Sabee},
    number = {10},
    month = {10},
    pages = {5527},
    volume = {43},
    publisher = {American Association of Physicists in Medicine},
    url = {http://www.ncbi.nlm.nih.gov/pubmed/27782705 http://www.pubmedcentral.nih.gov/articlerender.fcgi?artid=PMC5035310},
    doi = {10.1118/1.4962481},
    issn = {2473-4209},
    pmid = {27782705}
}

@article{Ding2017QuantitativeStudy.,
    title = {{Quantitative contrast-enhanced spectral mammography based on photon-counting detectors: A feasibility study.}},
    year = {2017},
    journal = {Medical physics},
    author = {Ding, Huanjun and Molloi, Sabee},
    number = {8},
    month = {8},
    pages = {3939--3951},
    volume = {44},
    publisher = {NIH Public Access},
    url = {http://www.ncbi.nlm.nih.gov/pubmed/28432828 http://www.pubmedcentral.nih.gov/articlerender.fcgi?artid=PMC5553693},
    doi = {10.1002/mp.12296},
    issn = {2473-4209},
    pmid = {28432828},
    keywords = {contrast-enhanced spectral mammography, dual energy, material decomposition}
}

@article{Hinton2006ReducingNetworks,
    title = {{Reducing the Dimensionality of Data with Neural Networks}},
    year = {2006},
    journal = {Science},
    author = {Hinton, G. E. and Salakhutdinov, R R},
    number = {5786},
    month = {7},
    pages = {504--507},
    volume = {313},
    url = {http://www.ncbi.nlm.nih.gov/pubmed/16873662 http://www.sciencemag.org/cgi/doi/10.1126/science.1127647},
    doi = {10.1126/science.1127647},
    issn = {0036-8075},
    pmid = {16873662}
}

@article{White1989Report44,
    title = {{Report 44}},
    year = {1989},
    journal = {Journal of the International Commission on Radiation Units and Measurements},
    author = {White, D. R. and Booz, J. and Griffith, R. V. and Spokas, J. J. and Wilson, I. J.},
    number = {1},
    month = {1},
    pages = {NP-NP},
    volume = {os23},
    publisher = {Oxford University Press},
    url = {https://academic.oup.com/jicru/article/2923846/Report},
    doi = {10.1093/jicru/os23.1.Report44},
    issn = {1742-3422}
}

@article{Adcroft1997RepresentationModel,
    title = {{Representation of Topography by Shaved Cells in a Height Coordinate Ocean Model}},
    year = {1997},
    journal = {Monthly Weather Review},
    author = {Adcroft, Alistair and Hill, Chris and Marshall, John and Adcroft, Alistair and Hill, Chris and Marshall, John},
    number = {9},
    month = {9},
    pages = {2293--2315},
    volume = {125},
    url = {http://journals.ametsoc.org/doi/abs/10.1175/1520-0493%281997%29125%3C2293%3AROTBSC%3E2.0.CO%3B2},
    doi = {10.1175/1520-0493(1997)125<2293:ROTBSC>2.0.CO;2},
    issn = {0027-0644}
}

@article{Pedregosa2011Scikit-learn:Python,
    title = {{Scikit-learn: Machine Learning in Python}},
    year = {2011},
    journal = {Journal of Machine Learning Research},
    author = {Pedregosa, Fabian and Varoquaux, Gaël and Gramfort, Alexandre and Michel, Vincent and Thirion, Bertrand and Grisel, Olivier and Blondel, Mathieu and Prettenhofer, Peter and Weiss, Ron and Dubourg, Vincent and Vanderplas, Jake and Passos, Alexandre and Cournapeau, David and Brucher, Matthieu and Perrot, Matthieu and Duchesnay, Édouard},
    number = {Oct},
    pages = {2825--2830},
    volume = {12},
    url = {http://jmlr.csail.mit.edu/papers/v12/pedregosa11a.html},
    issn = {ISSN 1533-7928}
}

@article{Landry2010SensitivityComposition,
    title = {{Sensitivity of low energy brachytherapy Monte Carlo dose calculations to uncertainties in human tissue composition}},
    year = {2010},
    journal = {Medical Physics},
    author = {Landry, Guillaume and Reniers, Brigitte and Murrer, Lars and Lutgens, Ludy and Bloemen-Van Gurp, Esther and Pignol, Jean-Philippe and Keller, Brian and Beaulieu, Luc and Verhaegen, Frank},
    number = {10},
    month = {9},
    pages = {5188--5198},
    volume = {37},
    publisher = {American Association of Physicists in Medicine},
    url = {http://doi.wiley.com/10.1118/1.3477161},
    doi = {10.1118/1.3477161},
    issn = {00942405},
    keywords = {Anisotropy, Biomedical modeling, Brachytherapy, Cancer, Computed tomography, Dosimetry, Mammography, Monte Carlo, Monte Carlo methods, Phase space methods, Photons, Therapeutic applications, Tissues, biological tissues, brachytherapy, dose calculation, dosimetry, including brachytherapy, mammography, seed implants, tissue composition, water}
}

@incollection{Dorostkar2010SensitivityLake,
    title = {{Sensitivity of MITgcm to different model parameters in application to Cayuga Lake}},
    year = {2010},
    booktitle = {Environmental Hydraulics, Two Volume Set},
    author = {Dorostkar, A and Boegman, L and Diamessis, P and Pollard, A},
    month = {6},
    pages = {373--378},
    publisher = {CRC Press},
    url = {http://www.crcnetbase.com/doi/10.1201/b10553-58},
    doi = {10.1201/b10553-58}
}

@article{ShengChen2014SeparationSmoothing,
    title = {{Separation of Bones From Chest Radiographs by Means of Anatomically Specific Multiple Massive-Training ANNs Combined With Total Variation Minimization Smoothing}},
    year = {2014},
    journal = {IEEE Transactions on Medical Imaging},
    author = {{Sheng Chen} and Suzuki, Kenji},
    number = {2},
    month = {2},
    pages = {246--257},
    volume = {33},
    url = {http://ieeexplore.ieee.org/document/6630091/},
    doi = {10.1109/TMI.2013.2284016},
    issn = {0278-0062}
}

@article{Niklason1986SimulatedRadiography.,
    title = {{Simulated pulmonary nodules: detection with dual-energy digital versus conventional radiography.}},
    year = {1986},
    journal = {Radiology},
    author = {Niklason, L T and Hickey, N M and Chakraborty, D P and Sabbagh, E A and Yester, M V and Fraser, R G and Barnes, G T},
    number = {3},
    month = {9},
    pages = {589--93},
    volume = {160},
    url = {http://www.ncbi.nlm.nih.gov/pubmed/3526398},
    doi = {10.1148/radiology.160.3.3526398},
    issn = {0033-8419},
    pmid = {3526398}
}

@article{Landry2011SimulationCalculations,
    title = {{Simulation study on potential accuracy gains from dual energy CT tissue segmentation for low-energy brachytherapy Monte Carlo dose calculations}},
    year = {2011},
    journal = {PHYSICS IN MEDICINE AND BIOLOGY},
    author = {Landry, Guillaume and Granton, Patrick and Reneirs, Brigitte and Ollers, Michel},
    pages = {6257–6278},
    volume = {56}
}

@article{Landry2011SimulationCalculationsb,
    title = {{Simulation study on potential accuracy gains from dual energy CT tissue segmentation for low-energy brachytherapy Monte Carlo dose calculations}},
    year = {2011},
    journal = {Physics in Medicine and Biology},
    author = {Landry, Guillaume and Granton, Patrick V and Reniers, Brigitte and {\"{O}}llers, Michel C and Beaulieu, Luc and Wildberger, Joachim E and Verhaegen, Frank},
    number = {19},
    month = {10},
    pages = {6257--6278},
    volume = {56},
    publisher = {IOP Publishing},
    url = {http://stacks.iop.org/0031-9155/56/i=19/a=007?key=crossref.2f2222a0be3ae8ea7d17bf28960f6e71},
    doi = {10.1088/0031-9155/56/19/007},
    issn = {0031-9155}
}

@inproceedings{Li2016SimultaneousDetectors,
    title = {{Simultaneous x-ray fluorescence and K-edge CT imaging with photon-counting detectors}},
    year = {2016},
    author = {Li, Liang and Li, Ruizhe and Zhang, Siyuan and Chen, Zhiqiang},
    editor = {Stock, Stuart R. and M{\"{u}}ller, Bert and Wang, Ge},
    month = {10},
    pages = {99670F},
    volume = {9967},
    publisher = {International Society for Optics and Photonics},
    url = {http://proceedings.spiedigitallibrary.org/proceeding.aspx?doi=10.1117/12.2238528},
    doi = {10.1117/12.2238528},
    keywords = {CT, K-edge, SKYFI, X-ray fluorescence, image reconstruction, photon counting detector, simultaneous}
}

@article{Clark2014SpectralData.,
    title = {{Spectral diffusion: an algorithm for robust material decomposition of spectral CT data.}},
    year = {2014},
    journal = {Physics in medicine and biology},
    author = {Clark, Darin P and Badea, Cristian T},
    number = {21},
    month = {11},
    pages = {6445--66},
    volume = {59},
    publisher = {NIH Public Access},
    url = {http://www.ncbi.nlm.nih.gov/pubmed/25296173 http://www.pubmedcentral.nih.gov/articlerender.fcgi?artid=PMC4210864},
    doi = {10.1088/0031-9155/59/21/6445},
    issn = {1361-6560},
    pmid = {25296173}
}

@article{Xing2017Spectrum-BasedGenerators,
    title = {{Spectrum-Based Calibration Method for Energy Discriminating CZT Detectors Using Commercial X-Ray Generators}},
    year = {2017},
    journal = {IEEE Transactions on Nuclear Science},
    author = {Xing, Xiaoman and Xu, Pin and Chen, Shi and Yuan, Gang and Mo, Jingqing and Sun, Mingshan},
    number = {5},
    month = {5},
    pages = {1128--1132},
    volume = {64},
    url = {http://ieeexplore.ieee.org/document/7894240/},
    doi = {10.1109/TNS.2017.2692260},
    issn = {0018-9499}
}

@article{Xing2017Spectrum-BasedGeneratorsb,
    title = {{Spectrum-Based Calibration Method for Energy Discriminating CZT Detectors Using Commercial X-Ray Generators}},
    year = {2017},
    journal = {IEEE Transactions on Nuclear Science},
    author = {Xing, Xiaoman and Xu, Pin and Chen, Shi and Yuan, Gang and Mo, Jingqing and Sun, Mingshan},
    number = {5},
    month = {5},
    pages = {1128--1132},
    volume = {64},
    url = {http://ieeexplore.ieee.org/document/7894240/},
    doi = {10.1109/TNS.2017.2692260},
    issn = {0018-9499}
}

@article{Poludniowski2009SpekCalcTubes,
    title = {{SpekCalc : a program to calculate photon spectra from tungsten anode x-ray tubes}},
    year = {2009},
    journal = {Physics in Medicine and Biology},
    author = {Poludniowski, G and Landry, G and DeBlois, F and Evans, P M and Verhaegen, F},
    number = {19},
    month = {10},
    pages = {N433-N438},
    volume = {54},
    publisher = {IOP Publishing},
    url = {http://stacks.iop.org/0031-9155/54/i=19/a=N01?key=crossref.8ebd6d2bcf93ed5bcaf5586b1de91dfc},
    doi = {10.1088/0031-9155/54/19/N01}
}

@article{Poludniowski2009SpekCalc:Tubes,
    title = {{SpekCalc: a program to calculate photon spectra from tungsten anode x-ray tubes}},
    year = {2009},
    journal = {Physics in Medicine and Biology},
    author = {Poludniowski, G and Landry, G and DeBlois, F and Evans, P M and Verhaegen, F},
    number = {19},
    month = {10},
    pages = {N433-N438},
    volume = {54},
    publisher = {IOP Publishing},
    url = {http://stacks.iop.org/0031-9155/54/i=19/a=N01?key=crossref.8ebd6d2bcf93ed5bcaf5586b1de91dfc},
    doi = {10.1088/0031-9155/54/19/N01}
}

@article{Bochev2004StabilityProblems,
    title = {{Stability of the SUPG Finite Element Method for Transient Advection-Diffusion Problems}},
    year = {2004},
    journal = {Computer Methods in Applied Mechanics and Engineering},
    author = {Bochev, Pavel B and Gunzburger, Max D and Shadid, John N},
    url = {https://pdfs.semanticscholar.org/f5bc/682ef49c67c025635583d2526a44744206f8.pdf},
    keywords = {Advection-diffusion problems, Petrov-Galerkin methods, generalized trapezoidal rule, stabilized finite element methods}
}

@article{Brooks1982StreamlineEquations,
    title = {{Streamline upwind/Petrov-Galerkin formulations for convection dominated flows with particular emphasis on the incompressible Navier-Stokes equations}},
    year = {1982},
    journal = {Computer Methods in Applied Mechanics and Engineering},
    author = {Brooks, Alexander N. and Hughes, Thomas J.R.},
    number = {1-3},
    month = {9},
    pages = {199--259},
    volume = {32},
    publisher = {North-Holland},
    url = {https://www.sciencedirect.com/science/article/pii/0045782582900718},
    doi = {10.1016/0045-7825(82)90071-8},
    issn = {0045-7825}
}

@article{Wang2011SufficientImaging,
    title = {{Sufficient Statistics as a Generalization of Binning in Spectral X-ray Imaging}},
    year = {2011},
    journal = {IEEE Transactions on Medical Imaging},
    author = {Wang, A S and Pelc, N J},
    number = {1},
    month = {1},
    pages = {84--93},
    volume = {30},
    url = {http://www.ncbi.nlm.nih.gov/pubmed/20682470 http://ieeexplore.ieee.org/document/5535186/},
    doi = {10.1109/TMI.2010.2061862},
    issn = {0278-0062},
    pmid = {20682470}
}

@inproceedings{Suzuki2004SuppressionNetwork,
    title = {{Suppression of the contrast of ribs in chest radiographs by means of massive training artificial neural network}},
    year = {2004},
    author = {Suzuki, Kenji and Abe, Hiroyuki and Li, Feng and Doi, Kunio},
    editor = {Fitzpatrick, J. Michael and Sonka, Milan},
    month = {5},
    pages = {1109},
    volume = {5370},
    publisher = {International Society for Optics and Photonics},
    url = {http://proceedings.spiedigitallibrary.org/proceeding.aspx?doi=10.1117/12.536436},
    doi = {10.1117/12.536436},
    keywords = {Rib contrast, artificial neural network, bone image, chest radiograph, computer-aided diagnosis, lung nodule, soft-tissue image, suppression}
}

@article{Dickersin2010TheCancer,
    title = {{The Background Review for the USPSTF Recommendation on Screening for Breast Cancer}},
    year = {2010},
    journal = {Annals of Internal Medicine},
    author = {Dickersin, Kay and Tovey, David and Wilcken, Nicholas and Ghersi, Davina},
    number = {8},
    month = {4},
    pages = {537},
    volume = {152},
    publisher = {American College of Physicians},
    url = {http://annals.org/article.aspx?doi=10.7326/0003-4819-152-8-201004200-00196},
    doi = {10.7326/0003-4819-152-8-201004200-00196},
    issn = {0003-4819}
}

@article{Stockwell1967TheCartilage,
    title = {{The cell density of human articular and costal cartilage}},
    year = {1967},
    journal = {J. Anat},
    author = {Stockwell, R A},
    number = {4},
    pages = {753--763},
    volume = {101},
    url = {https://europepmc.org/backend/ptpmcrender.fcgi?accid=PMC1270909&blobtype=pdf}
}

@article{Langley2011TheLearning,
    title = {{The changing science of machine learning}},
    year = {2011},
    journal = {Mach Learn},
    author = {Langley, Pat and Langley, P},
    pages = {275--279},
    volume = {82},
    url = {http://archive.ics.uci.edu/ml/},
    doi = {10.1007/s10994-011-5242-y}
}

@article{Woodard1986TheTissues,
    title = {{The composition of body tissues}},
    year = {1986},
    journal = {The British Journal of Radiology},
    author = {Woodard, H. Q. and White, D. R.},
    number = {708},
    month = {12},
    pages = {1209--1218},
    volume = {59},
    url = {http://www.ncbi.nlm.nih.gov/pubmed/3801800 http://www.birpublications.org/doi/10.1259/0007-1285-59-708-1209},
    doi = {10.1259/0007-1285-59-708-1209},
    issn = {0007-1285},
    pmid = {3801800}
}

@article{Bazalova2011TheTherapy,
    title = {{The importance of tissue segmentation for dose calculations for kilovoltage radiation therapy}},
    year = {2011},
    journal = {Medical Physics},
    author = {Bazalova, Magdalena and Graves, Edward E.},
    number = {6},
    month = {5},
    pages = {3039--3049},
    volume = {38},
    publisher = {American Association of Physicists in Medicine},
    url = {http://doi.wiley.com/10.1118/1.3589138},
    doi = {10.1118/1.3589138},
    issn = {00942405},
    keywords = {Atomic and molecular beams, Computed tomography, Copper, Dose‐volume analysis, Dosimetry, Dosimetry/exposure assessment, Medical imaging, Monte Carlo, Monte Carlo methods, Muscles, Photons, Radiation monitoring, Radiation therapy, Segmentation, Therapeutic applications, Tissues, and safety, bone, computerised tomography, control, diagnostic radiography, dosimetry, image segmentation, including brachytherapy, kilovoltage radiotherapy, lung, medical image processing, phantoms, radiation monitoring, radiation therapy, small animal radiotherapy, tissue segmentation, tumours}
}

@article{Kopans1992TheMammography.,
    title = {{The positive predictive value of mammography.}},
    year = {1992},
    journal = {AJR. American journal of roentgenology},
    author = {Kopans, D B},
    number = {3},
    month = {3},
    pages = {521--6},
    volume = {158},
    publisher = {American Public Health Association},
    url = {http://www.ncbi.nlm.nih.gov/pubmed/1310825},
    doi = {10.2214/ajr.158.3.1310825},
    issn = {0361-803X},
    pmid = {1310825}
}

@article{ButtleThreeTopography,
    title = {{Three dimensional free-surface flow over arbitrary bottom topography}},
    author = {Buttle, Nicholas R and Pethiyagoda, Ravindra and Moroney, Timothy J and Mccue, Scott W},
    url = {https://arxiv.org/pdf/1709.08803.pdf}
}

@article{Hunemohr2014TissueTherapy,
    title = {{Tissue decomposition from dual energy CT data for MC based dose calculation in particle therapy}},
    year = {2014},
    author = {H{\"{u}}nemohr, Nora and Paganetti, Harald and Greilich, Steffen and J{\"{a}}kel, Oliver and Seco, Joao},
    doi = {10.1118/1.4875976},
    keywords = {Monte Carlo, WEPL, composition, dual energy CT, range uncertainty, stoichiometric calibration}
}

@article{Bazalova2008TissueImages,
    title = {{Tissue segmentation in Monte Carlo treatment planning: A simulation study using dual-energy CT images}},
    year = {2008},
    journal = {Radiotherapy and Oncology},
    author = {Bazalova, Magdalena and Carrier, Jean-François and Beaulieu, Luc and Verhaegen, Frank},
    number = {1},
    pages = {93--98},
    volume = {86},
    url = {http://www.sciencedirect.com/science/article/pii/S016781400700566X},
    doi = {10.1016/j.radonc.2007.11.008},
    issn = {01678140}
}

@article{Perl2012TOPAS:Applications,
    title = {{TOPAS: An innovative proton Monte Carlo platform for research and clinical applications}},
    year = {2012},
    journal = {Medical Physics},
    author = {Perl, J and Shin, J and Schumann, J and Faddegon, B and Paganetti, H},
    pages = {6818},
    volume = {39},
    doi = {10.1118/1.4758060},
    pmid = {23127075}
}

@incollection{Ronneberger2015U-Net:Segmentation,
    title = {{U-Net: Convolutional Networks for Biomedical Image Segmentation}},
    year = {2015},
    author = {Ronneberger, Olaf and Fischer, Philipp and Brox, Thomas},
    pages = {234--241},
    url = {http://link.springer.com/10.1007/978-3-319-24574-4_28},
    doi = {10.1007/978-3-319-24574-4{\_}28}
}

@misc{UncertaintySimulations,
    title = {{Uncertainty and Error in CFD Simulations}},
    url = {https://www.grc.nasa.gov/www/wind/valid/tutorial/errors.html}
}

@misc{UncertaintySimulationsb,
    title = {{Uncertainty and Error in CFD Simulations}},
    url = {https://www.grc.nasa.gov/www/wind/valid/tutorial/errors.html}
}

@article{Rubol2018UniversalMorphology,
    title = {{Universal scaling-law for flow resistance over canopies with complex morphology}},
    year = {2018},
    journal = {Scientific Reports},
    author = {Rubol, Simonetta and Ling, Bowen and Battiato, Ilenia},
    number = {1},
    month = {12},
    pages = {4430},
    volume = {8},
    publisher = {Nature Publishing Group},
    url = {http://www.nature.com/articles/s41598-018-22346-1},
    doi = {10.1038/s41598-018-22346-1},
    issn = {2045-2322},
    keywords = {Environmental sciences, Hydrology}
}

@article{Murphy2018UnsupervisedDiffusion,
    title = {{Unsupervised Clustering and Active Learning of Hyperspectral Images With Nonlinear Diffusion}},
    year = {2018},
    journal = {IEEE Transactions on Geoscience and Remote Sensing},
    author = {Murphy, James M. and Maggioni, Mauro},
    pages = {1--17},
    url = {https://ieeexplore.ieee.org/document/8481477/},
    doi = {10.1109/TGRS.2018.2869723},
    issn = {0196-2892}
}

@misc{ViscosityWiki,
    title = {{Viscosity of Water – viscosity table and viscosity chart :: Anton Paar Wiki}},
    url = {https://wiki.anton-paar.com/en/water/}
}

@book{Rose2013Vision:Electronic,
    title = {{Vision: human and electronic}},
    year = {2013},
    author = {Rose, A},
    url = {https://books.google.com/books?hl=en&lr=&id=m47kBwAAQBAJ&oi=fnd&pg=PR15&ots=T0m7XGMYQb&sig=xlNnvAbYwBMmcZLAb3ryW4q6tow}
}

@article{Rose1975Vision:Electronic,
    title = {{Vision: Human and Electronic}},
    year = {1975},
    journal = {Physics Today},
    author = {Rose, A. and Biberman, Lucien},
    number = {12},
    month = {12},
    pages = {49--50},
    volume = {28},
    url = {http://physicstoday.scitation.org/doi/10.1063/1.3069240},
    doi = {10.1063/1.3069240}
}